@misc{lctifa,
    author       = {Tifa},
    title        = {Tifa's greedy algrithm lecture & slice},
    year         = {2022},
    publisher    = {GitHub},
    journal      = {GitHub Repository},
    howpublished = {\url{https://github.com/Tiphereth-A/CPL-greedy}}
}